1075 1463
203 95 286 114 mn
390 84 874 118 PRAEVF'ATIO„

207 137 255 163 fiant
266 156 274 167 ‚
297 136 322 162 &
334 135 461 167 debereut3
483 142 564 169 utpote
583 143 631 169 quae
647 135 735 160 eadem·
748 145 762 161 e
778 135 846 169 stirpe
869 135 1019 162 ‘effloruerintl

243 172 298 196 Hoc
308 177 333 195 ut
346 170 467 195 deductum
477 169 519 194 alia
534 169 670 199 occafione’,
688 171 718 194 ita
729 178 769 203 per
782 169 873 202 Curfitm
884 170 1019 203 Originum,

210 207 234 230 in
246 213 292 239 quo
305 213 358 229 cum
368 205 466 229 maxime
477 203 555 228 studiis
563 203 689 236 juventutis
698 203 832 236 Theologicae
845 204 966 229 inserviens
980 214 1021 229 oc-

209 248 294 272 cupor,
312 237 374 271 supra
388 237 460 262 aleam
474 236 605 262 fixbveemm
617 237 650 262 est
663 237 805 262 dubitationis
817 256 824 267 ,
842 247 913 272 quum
925 238 1020 264 Radices

210 272 329 298 Radicibus
338 270 468 297 examuffim
475 270 609 304 respondere
619 273 762 304 reperiantur.
783 271 954 297 Commentarius
961 280 1019 305 quo-

210 315 256 340 que
270 306 327 331 hicce
341 306 364 331 id
378 306 441 330 omni
456 306 538 339 pagina
551 306 677 339 pervincit:
695 313 762 340 atque
779 305 947 339 praestentiffimis
959 305 1022 332 testi-

211 341 294 366 moniis
307 340 330 364 in
341 340 420 364 oculos
432 338 519 373 defigit.

213 388 215 391 .
243 373 359 408 Justissima
369 381 416 398 erat
427 373 473 398 haec
484 374 541 398 aCtio
552 372 655 398 adversus
668 373 803 407 Synagogam
810 392 817 403 ,
850 382 911 403 uam,
929 381 953 398 ut
964 382 1020 399 cum

210 408 284 439 Holea
295 408 373 441 loquar
380 426 388 437 ‚
403 406 493 432 Wntm
504 407 544 432 alis
553 409 598 438 luis
607 407 718 439 illtgarat,
733 408 758 432 &
765 407 793 432 ad
801 408 824 432 in
860 409 914 433 itam
923 407 1021 433 Vanilo-

210 444 334 476 quentiam,
352 449 421 475 quam
430 440 493 474 supra
503 441 606 465 enudare
619 441 680 474 ooepi
692 459 699 470 ,
716 448 827 466 avexerat.

245 476 328 507 Quum
340 482 417 499 autem
435 475 506 499 iidem
522 474 635 507 principes
649 474 789 499 Literatores
804 475 1021 505 animadverterent,

210 510 361 535 Divinitatem
373 508 436 533 istam
451 508 547 540 Linguae
562 507 661 532 Hebraeae
674 516 686 532 a
697 507 806 533 Rabbinis
817 527 824 538 ‚
843 517 971 542 eorumque
988 510 1021 534 in-

209 551 245 568 ter
260 542 391 575 Cbrtstianos
405 541 532 576 sequacibus
542 559 549 571 ‚
568 541 655 566 fundari
668 542 691 566 in
699 543 753 574 jure
766 541 878 567 Primaevo
893 545 1007 567 creationis
1010 552 1021 572 ‚-

209 579 311 611 itemque
329 577 352 602 in
368 577 453 609 figuris
470 577 555 601 arcanis
576 575 707 600 Literarum
714 585 725 605 ;
748 576 771 600 in
793 575 910 601 Vocatium
927 576 1021 609 pisturis

211 611 326 637 Technicis
337 619 347 640 ,·
365 610 421 644 quin
432 610 480 634 imo
494 608 629 639 accentibus,
647 609 672 634 &
687 616 736 635 tota
751 609 883 643 punctorum
903 611 940 635 vel
953 612 1028 641 minu-,

209 643 485 702 tgffimorums‘trtpellefflle,
502 643 597 671 securim
609 643 677 668 radici
688 642 826 673 admoviffi,
845 644 870 669 &
882 646 961 669 cuana
973 653 1020 669 uno

209 679 254 703 ictu
269 677 349 703 succidi·
367 687 396 707 e,
414 677 596 710 compendiosius
609 677 719 702 duxerunt
730 696 738 707 ‚
756 686 824 711 quam
839 687 892 703 cum
905 677 1020 711 spinofiffi-

209 721 246 737 ma
260 712 353 737 materia
366 711 487 737 conflietari
496 730 504 742 ,
520 719 618 746 eamque
630 711 690 736 lenta
700 711 850 737 meditatione
863 713 1021 742 ematurando,

209 747 236 772 nd
251 745 401 780 liquidiffimas
418 746 514 773 rationes
529 746 649 779 perpolire.

243 781 376 805 Praemature
391 780 444 805 hinc
458 781 481 805 in
496 780 573 805 Schola
591 779 676 805 Critica
693 779 842 805 asseveratum
857 789 869 805 a
883 781 1020 814 quampluri-

209 815 266 843 mis,
275 814 386 846 Linguam
393 813 575 839 Hebraemmihil
587 820 710 838 commune
723 823 776 838 cum
784 813 895 839 Prima-va
908 814 1006 839 habuisse
1012 824 1020 846 3

209 848 247 873 vel
257 847 334 872 saltem
346 846 470 880 hypothesin
481 846 544 871 istam
556 853 603 871 tam
610 849 734 879 precariam
742 847 829 877 effi,ut
840 848 933 881 neganti
944 848 1019 877 idem,

209 883 264 916 quin
277 881 326 915 plus
337 881 407 914 juris,
426 887 555 913 competat,
589 889 639 905 uam
651 880 776 905 affirmanti.

214 931 215 934 =
244 916 299 941 Non
311 915 440 939 maturrime
450 915 533 939 iterum
547 889 698 944 afl‘irmatum,
717 915 805 940 eisdem
817 915 839 939 in
851 916 948 948 partibus
963 923 1019 940 con—

209 949 224 975 s
233 950 304 979 iratis,
322 958 352 974 ne
363 951 463 982 antiquas
476 948 567 982 quidem
577 948 634 973 adeo
646 947 692 973 effe
706 948 799 974 [Amas
811 949 869 979 illas,
883 950 963 983 quibus
979 949 1020 974 Co—

209 959 253 1010 tgx
265 982 372 1008 Hebraeus
389 991 450 1007 nunc
463 990 578 1014 exararus3
596 983 680 1016 quippe
694 991 742 1016 quae
758 982 786 1007 ab
798 983 859 1007 Esra
871 983 967 1008 demum
977 983 1020 1008 fint

209 1017 298 1043 invecta
308 1016 359 1050 post
371 1016 529 1050 Captivitatem
537 1016 688 1048 Babylonicam
696 1035 702 1046 ‚
719 1016 778 1041 unde
790 1016 904 1050 Synagoga
919 1017 1019 1042 universi:

210 1050 328 1077 attestante
338 1070 345 1081 ‚
363 1059 411 1076 cum
421 1050 483 1075 Esra
493 1049 639 1080 adscenderint
648 1059 656 1074 .·
675 1051 774 1083 priscum
788 1059 844 1075 vero
857 1051 882 1076 &
897 1051 1021 1076 Anthemi-

210 1095 258 1111 cum
269 1086 340 1118 Legis
351 1093 378 1109 ac
386 1083 550 1117 Prophetarum
563 1085 668 1112 omnium
680 1083 846 1114 Charafferem,
859 1083 906 1109 esse
921 1084 1020 1109 Samari-

210 1127 285 1145 tanum
294 1137 301 1149 ‚
319 1127 390 1153 quem
402 1117 480 1152 Judaei
489 1137 497 1148 ,
519 1127 533 1143 e
546 1117 669 1150 Babylonia!
677 1118 772 1144 reduces
782 1137 789 1148 ‚
807 1118 863 1143 odio
878 1119 1021 1148 internecivo

211 1154 398 1179 Samaritanorum
411 1152 545 1187 repudiasint
552 1160 560 1184 3
577 1151 661 1178 adscito
674 1152 780 1186 quadrato
794 1153 832 1178 illo
839 1152 956 1186 Affyriaco
964 1171 972 1183 ,
981 1153 1020 1186 qui

211 1188 335 1213 etiamnum
347 1187 440 1213 obtinet.
